<marcxml:record xmlns:marcxml="http://www.loc.gov/MARC21/slim" xmlns:mets="http://www.loc.gov/METS/" xmlns:bf="http://id.loc.gov/ontologies/bibframe/" xmlns:bflc="http://id.loc.gov/ontologies/bflc/" xmlns:madsrdf="http://www.loc.gov/mads/rdf/v1#" xmlns:rdf="http://www.w3.org/1999/02/22-rdf-syntax-ns#" xmlns:ri="http://id.loc.gov/ontologies/RecordInfo#" xmlns:idx="info:lc/xq-modules/lcindex" xmlns:semtriples="http://marklogic.com/semantic" xmlns:xsi="http://www.w3.org/2001/XMLSchema-instance" xmlns:xlink="http://www.w3.org/1999/xlink" xmlns:streams="info:lc/streams#">
  <marcxml:leader>05527cam a2201021 i 4500</marcxml:leader>
  <marcxml:controlfield tag="001">20812696</marcxml:controlfield>
  <marcxml:controlfield tag="005">20190401134236.0</marcxml:controlfield>
  <marcxml:controlfield tag="008">190117m20142018caua     6    000 1 eng d</marcxml:controlfield>
  <marcxml:datafield tag="906" ind1=" " ind2=" ">
    <marcxml:subfield code="a">7</marcxml:subfield>
    <marcxml:subfield code="b">cbc</marcxml:subfield>
    <marcxml:subfield code="c">copycat</marcxml:subfield>
    <marcxml:subfield code="d">2</marcxml:subfield>
    <marcxml:subfield code="e">ncip</marcxml:subfield>
    <marcxml:subfield code="f">20</marcxml:subfield>
    <marcxml:subfield code="g">y-gencatlg</marcxml:subfield>
  </marcxml:datafield>
  <marcxml:datafield tag="925" ind1="0" ind2=" ">
    <marcxml:subfield code="a">acquire</marcxml:subfield>
    <marcxml:subfield code="b">1 shelf copy</marcxml:subfield>
    <marcxml:subfield code="x">policy default</marcxml:subfield>
  </marcxml:datafield>
  <marcxml:datafield tag="955" ind1=" " ind2=" ">
    <marcxml:subfield code="b">xk58 2019-01-17 z-processor</marcxml:subfield>
    <marcxml:subfield code="i">xk05 2019-03-27 21 v. to xk14 for rev.</marcxml:subfield>
    <marcxml:subfield code="r">xk14 2019-04-01 v. 1-21 to BCCD</marcxml:subfield>
  </marcxml:datafield>
  <marcxml:datafield tag="010" ind1=" " ind2=" ">
    <marcxml:subfield code="a">  2018299368</marcxml:subfield>
  </marcxml:datafield>
  <marcxml:datafield tag="020" ind1=" " ind2=" ">
    <marcxml:subfield code="a">9781421576077</marcxml:subfield>
    <marcxml:subfield code="q">(volume 1 ;</marcxml:subfield>
    <marcxml:subfield code="q">paperback)</marcxml:subfield>
  </marcxml:datafield>
  <marcxml:datafield tag="020" ind1=" " ind2=" ">
    <marcxml:subfield code="a">1421576074</marcxml:subfield>
    <marcxml:subfield code="q">(volume 1 ;</marcxml:subfield>
    <marcxml:subfield code="q">paperback)</marcxml:subfield>
  </marcxml:datafield>
  <marcxml:datafield tag="020" ind1=" " ind2=" ">
    <marcxml:subfield code="a">9781421576084</marcxml:subfield>
    <marcxml:subfield code="q">(volume 2 ;</marcxml:subfield>
    <marcxml:subfield code="q">paperback)</marcxml:subfield>
  </marcxml:datafield>
  <marcxml:datafield tag="020" ind1=" " ind2=" ">
    <marcxml:subfield code="a">1421576082</marcxml:subfield>
    <marcxml:subfield code="q">(volume 2 ;</marcxml:subfield>
    <marcxml:subfield code="q">paperback)</marcxml:subfield>
  </marcxml:datafield>
  <marcxml:datafield tag="020" ind1=" " ind2=" ">
    <marcxml:subfield code="a">9781421576091</marcxml:subfield>
    <marcxml:subfield code="q">(volume 3 ;</marcxml:subfield>
    <marcxml:subfield code="q">paperback)</marcxml:subfield>
  </marcxml:datafield>
  <marcxml:datafield tag="020" ind1=" " ind2=" ">
    <marcxml:subfield code="a">1421576090</marcxml:subfield>
    <marcxml:subfield code="q">(volume 3 ;</marcxml:subfield>
    <marcxml:subfield code="q">paperback)</marcxml:subfield>
  </marcxml:datafield>
  <marcxml:datafield tag="020" ind1=" " ind2=" ">
    <marcxml:subfield code="a">9781421576107</marcxml:subfield>
    <marcxml:subfield code="q">(volume 4 ;</marcxml:subfield>
    <marcxml:subfield code="q">paperback)</marcxml:subfield>
  </marcxml:datafield>
  <marcxml:datafield tag="020" ind1=" " ind2=" ">
    <marcxml:subfield code="a">1421576104</marcxml:subfield>
    <marcxml:subfield code="q">(volume 4 ;</marcxml:subfield>
    <marcxml:subfield code="q">paperback)</marcxml:subfield>
  </marcxml:datafield>
  <marcxml:datafield tag="020" ind1=" " ind2=" ">
    <marcxml:subfield code="a">9781421576114</marcxml:subfield>
    <marcxml:subfield code="q">(volume 5 ;</marcxml:subfield>
    <marcxml:subfield code="q">paperback)</marcxml:subfield>
  </marcxml:datafield>
  <marcxml:datafield tag="020" ind1=" " ind2=" ">
    <marcxml:subfield code="a">1421576112</marcxml:subfield>
    <marcxml:subfield code="q">(volume 5 ;</marcxml:subfield>
    <marcxml:subfield code="q">paperback)</marcxml:subfield>
  </marcxml:datafield>
  <marcxml:datafield tag="020" ind1=" " ind2=" ">
    <marcxml:subfield code="a">9781421576121</marcxml:subfield>
    <marcxml:subfield code="q">(volume 6 ;</marcxml:subfield>
    <marcxml:subfield code="q">paperback)</marcxml:subfield>
  </marcxml:datafield>
  <marcxml:datafield tag="020" ind1=" " ind2=" ">
    <marcxml:subfield code="a">1421576120</marcxml:subfield>
    <marcxml:subfield code="q">(volume 6 ;</marcxml:subfield>
    <marcxml:subfield code="q">paperback)</marcxml:subfield>
  </marcxml:datafield>
  <marcxml:datafield tag="020" ind1=" " ind2=" ">
    <marcxml:subfield code="a">9781421576138</marcxml:subfield>
    <marcxml:subfield code="q">(volume 7 ;</marcxml:subfield>
    <marcxml:subfield code="q">paperback)</marcxml:subfield>
  </marcxml:datafield>
  <marcxml:datafield tag="020" ind1=" " ind2=" ">
    <marcxml:subfield code="a">1421576139</marcxml:subfield>
    <marcxml:subfield code="q">(volume 7 ;</marcxml:subfield>
    <marcxml:subfield code="q">paperback)</marcxml:subfield>
  </marcxml:datafield>
  <marcxml:datafield tag="020" ind1=" " ind2=" ">
    <marcxml:subfield code="a">9781421582801</marcxml:subfield>
    <marcxml:subfield code="q">(volume 8 ;</marcxml:subfield>
    <marcxml:subfield code="q">paperback)</marcxml:subfield>
  </marcxml:datafield>
  <marcxml:datafield tag="020" ind1=" " ind2=" ">
    <marcxml:subfield code="a">1421582805</marcxml:subfield>
    <marcxml:subfield code="q">(volume 8 ;</marcxml:subfield>
    <marcxml:subfield code="q">paperback)</marcxml:subfield>
  </marcxml:datafield>
  <marcxml:datafield tag="020" ind1=" " ind2=" ">
    <marcxml:subfield code="a">9781421582818</marcxml:subfield>
    <marcxml:subfield code="q">(volume 9 ;</marcxml:subfield>
    <marcxml:subfield code="q">paperback)</marcxml:subfield>
  </marcxml:datafield>
  <marcxml:datafield tag="020" ind1=" " ind2=" ">
    <marcxml:subfield code="a">1421582813</marcxml:subfield>
    <marcxml:subfield code="q">(volume 9 ;</marcxml:subfield>
    <marcxml:subfield code="q">paperback)</marcxml:subfield>
  </marcxml:datafield>
  <marcxml:datafield tag="020" ind1=" " ind2=" ">
    <marcxml:subfield code="a">9781421583228</marcxml:subfield>
    <marcxml:subfield code="q">(volume 10 ;</marcxml:subfield>
    <marcxml:subfield code="q">paperback)</marcxml:subfield>
  </marcxml:datafield>
  <marcxml:datafield tag="020" ind1=" " ind2=" ">
    <marcxml:subfield code="a">1421583224</marcxml:subfield>
    <marcxml:subfield code="q">(volume 10 ;</marcxml:subfield>
    <marcxml:subfield code="q">paperback)</marcxml:subfield>
  </marcxml:datafield>
  <marcxml:datafield tag="020" ind1=" " ind2=" ">
    <marcxml:subfield code="a">9781421583235</marcxml:subfield>
    <marcxml:subfield code="q">(volume 11 ;</marcxml:subfield>
    <marcxml:subfield code="q">paperback)</marcxml:subfield>
  </marcxml:datafield>
  <marcxml:datafield tag="020" ind1=" " ind2=" ">
    <marcxml:subfield code="a">1421583232</marcxml:subfield>
    <marcxml:subfield code="q">(volume 11 ;</marcxml:subfield>
    <marcxml:subfield code="q">paperback)</marcxml:subfield>
  </marcxml:datafield>
  <marcxml:datafield tag="020" ind1=" " ind2=" ">
    <marcxml:subfield code="a">9781518214141</marcxml:subfield>
    <marcxml:subfield code="q">(volume 11 ;</marcxml:subfield>
    <marcxml:subfield code="q">Paw Prints)</marcxml:subfield>
  </marcxml:datafield>
  <marcxml:datafield tag="020" ind1=" " ind2=" ">
    <marcxml:subfield code="a">1518214142</marcxml:subfield>
    <marcxml:subfield code="q">(volume 11 ;</marcxml:subfield>
    <marcxml:subfield code="q">Paw Prints)</marcxml:subfield>
  </marcxml:datafield>
  <marcxml:datafield tag="020" ind1=" " ind2=" ">
    <marcxml:subfield code="a">9781421583242</marcxml:subfield>
    <marcxml:subfield code="q">(volume 12 ;</marcxml:subfield>
    <marcxml:subfield code="q">paperback)</marcxml:subfield>
  </marcxml:datafield>
  <marcxml:datafield tag="020" ind1=" " ind2=" ">
    <marcxml:subfield code="a">1421583240</marcxml:subfield>
    <marcxml:subfield code="q">(volume 12 ;</marcxml:subfield>
    <marcxml:subfield code="q">paperback)</marcxml:subfield>
  </marcxml:datafield>
  <marcxml:datafield tag="020" ind1=" " ind2=" ">
    <marcxml:subfield code="a">9781421584447</marcxml:subfield>
    <marcxml:subfield code="q">(volume 13 ;</marcxml:subfield>
    <marcxml:subfield code="q">paperback)</marcxml:subfield>
  </marcxml:datafield>
  <marcxml:datafield tag="020" ind1=" " ind2=" ">
    <marcxml:subfield code="a">1421584441</marcxml:subfield>
    <marcxml:subfield code="q">(volume 13 ;</marcxml:subfield>
    <marcxml:subfield code="q">paperback)</marcxml:subfield>
  </marcxml:datafield>
  <marcxml:datafield tag="020" ind1=" " ind2=" ">
    <marcxml:subfield code="a">9781518238567</marcxml:subfield>
    <marcxml:subfield code="q">(volume 13 ;</marcxml:subfield>
    <marcxml:subfield code="q">Paw Prints)</marcxml:subfield>
  </marcxml:datafield>
  <marcxml:datafield tag="020" ind1=" " ind2=" ">
    <marcxml:subfield code="a">1518238564</marcxml:subfield>
    <marcxml:subfield code="q">(volume 13 ;</marcxml:subfield>
    <marcxml:subfield code="q">Paw Prints)</marcxml:subfield>
  </marcxml:datafield>
  <marcxml:datafield tag="020" ind1=" " ind2=" ">
    <marcxml:subfield code="a">9781421585055</marcxml:subfield>
    <marcxml:subfield code="q">(volume 14 ;</marcxml:subfield>
    <marcxml:subfield code="q">paperback)</marcxml:subfield>
  </marcxml:datafield>
  <marcxml:datafield tag="020" ind1=" " ind2=" ">
    <marcxml:subfield code="a">1421585057</marcxml:subfield>
    <marcxml:subfield code="q">(volume 14 ;</marcxml:subfield>
    <marcxml:subfield code="q">paperback)</marcxml:subfield>
  </marcxml:datafield>
  <marcxml:datafield tag="020" ind1=" " ind2=" ">
    <marcxml:subfield code="a">9781421586410</marcxml:subfield>
    <marcxml:subfield code="q">(volume 15 ;</marcxml:subfield>
    <marcxml:subfield code="q">paperback)</marcxml:subfield>
  </marcxml:datafield>
  <marcxml:datafield tag="020" ind1=" " ind2=" ">
    <marcxml:subfield code="a">142158641X</marcxml:subfield>
    <marcxml:subfield code="q">(volume 15 ;</marcxml:subfield>
    <marcxml:subfield code="q">paperback)</marcxml:subfield>
  </marcxml:datafield>
  <marcxml:datafield tag="020" ind1=" " ind2=" ">
    <marcxml:subfield code="a">9781421590912</marcxml:subfield>
    <marcxml:subfield code="q">(volume 16 ;</marcxml:subfield>
    <marcxml:subfield code="q">paperback)</marcxml:subfield>
  </marcxml:datafield>
  <marcxml:datafield tag="020" ind1=" " ind2=" ">
    <marcxml:subfield code="a">1421590913</marcxml:subfield>
    <marcxml:subfield code="q">(volume 16 ;</marcxml:subfield>
    <marcxml:subfield code="q">paperback)</marcxml:subfield>
  </marcxml:datafield>
  <marcxml:datafield tag="020" ind1=" " ind2=" ">
    <marcxml:subfield code="a">9781421590929</marcxml:subfield>
    <marcxml:subfield code="q">(volume 17 ;</marcxml:subfield>
    <marcxml:subfield code="q">paperback)</marcxml:subfield>
  </marcxml:datafield>
  <marcxml:datafield tag="020" ind1=" " ind2=" ">
    <marcxml:subfield code="a">1421590921</marcxml:subfield>
    <marcxml:subfield code="q">(volume 17 ;</marcxml:subfield>
    <marcxml:subfield code="q">paperback)</marcxml:subfield>
  </marcxml:datafield>
  <marcxml:datafield tag="020" ind1=" " ind2=" ">
    <marcxml:subfield code="a">9781421590936</marcxml:subfield>
    <marcxml:subfield code="q">(volume 18 ;</marcxml:subfield>
    <marcxml:subfield code="q">paperback)</marcxml:subfield>
  </marcxml:datafield>
  <marcxml:datafield tag="020" ind1=" " ind2=" ">
    <marcxml:subfield code="a">142159093X</marcxml:subfield>
    <marcxml:subfield code="q">(volume 18 ;</marcxml:subfield>
    <marcxml:subfield code="q">paperback)</marcxml:subfield>
  </marcxml:datafield>
  <marcxml:datafield tag="020" ind1=" " ind2=" ">
    <marcxml:subfield code="a">9781421593371</marcxml:subfield>
    <marcxml:subfield code="q">(volume 19 ;</marcxml:subfield>
    <marcxml:subfield code="q">paperback)</marcxml:subfield>
  </marcxml:datafield>
  <marcxml:datafield tag="020" ind1=" " ind2=" ">
    <marcxml:subfield code="a">1421593378</marcxml:subfield>
    <marcxml:subfield code="q">(volume 19 ;</marcxml:subfield>
    <marcxml:subfield code="q">paperback)</marcxml:subfield>
  </marcxml:datafield>
  <marcxml:datafield tag="020" ind1=" " ind2=" ">
    <marcxml:subfield code="a">9781421593388</marcxml:subfield>
    <marcxml:subfield code="q">(volume 20 ;</marcxml:subfield>
    <marcxml:subfield code="q">paperback)</marcxml:subfield>
  </marcxml:datafield>
  <marcxml:datafield tag="020" ind1=" " ind2=" ">
    <marcxml:subfield code="a">1421593386</marcxml:subfield>
    <marcxml:subfield code="q">(volume 20 ;</marcxml:subfield>
    <marcxml:subfield code="q">paperback)</marcxml:subfield>
  </marcxml:datafield>
  <marcxml:datafield tag="020" ind1=" " ind2=" ">
    <marcxml:subfield code="a">9781421593395</marcxml:subfield>
    <marcxml:subfield code="q">(volume 21 ;</marcxml:subfield>
    <marcxml:subfield code="q">paperback)</marcxml:subfield>
  </marcxml:datafield>
  <marcxml:datafield tag="020" ind1=" " ind2=" ">
    <marcxml:subfield code="a">1421593394</marcxml:subfield>
    <marcxml:subfield code="q">(volume 21 ;</marcxml:subfield>
    <marcxml:subfield code="q">paperback)</marcxml:subfield>
  </marcxml:datafield>
  <marcxml:datafield tag="035" ind1=" " ind2=" ">
    <marcxml:subfield code="a">(OCoLC)ocn897205399</marcxml:subfield>
  </marcxml:datafield>
  <marcxml:datafield tag="040" ind1=" " ind2=" ">
    <marcxml:subfield code="a">ON8</marcxml:subfield>
    <marcxml:subfield code="b">eng</marcxml:subfield>
    <marcxml:subfield code="c">ON8</marcxml:subfield>
    <marcxml:subfield code="e">rda</marcxml:subfield>
    <marcxml:subfield code="d">FXN</marcxml:subfield>
    <marcxml:subfield code="d">IEP</marcxml:subfield>
    <marcxml:subfield code="d">QX9</marcxml:subfield>
    <marcxml:subfield code="d">ZCU</marcxml:subfield>
    <marcxml:subfield code="d">OCLCA</marcxml:subfield>
    <marcxml:subfield code="d">B@L</marcxml:subfield>
    <marcxml:subfield code="d">OCLCF</marcxml:subfield>
    <marcxml:subfield code="d">YDXCP</marcxml:subfield>
    <marcxml:subfield code="d">QX9</marcxml:subfield>
    <marcxml:subfield code="d">OCLCQ</marcxml:subfield>
    <marcxml:subfield code="d">RNC</marcxml:subfield>
    <marcxml:subfield code="d">CSA</marcxml:subfield>
    <marcxml:subfield code="d">CPP</marcxml:subfield>
    <marcxml:subfield code="d">OCLCO</marcxml:subfield>
    <marcxml:subfield code="d">QX9</marcxml:subfield>
    <marcxml:subfield code="d">OPW</marcxml:subfield>
    <marcxml:subfield code="d">OBE</marcxml:subfield>
    <marcxml:subfield code="d">TY5</marcxml:subfield>
    <marcxml:subfield code="d">QX9</marcxml:subfield>
    <marcxml:subfield code="d">OCL</marcxml:subfield>
    <marcxml:subfield code="d">AW3</marcxml:subfield>
    <marcxml:subfield code="d">CGB</marcxml:subfield>
    <marcxml:subfield code="d">TXHUT</marcxml:subfield>
    <marcxml:subfield code="d">IFK</marcxml:subfield>
    <marcxml:subfield code="d">TS4</marcxml:subfield>
    <marcxml:subfield code="d">QS5</marcxml:subfield>
    <marcxml:subfield code="d">EHH</marcxml:subfield>
    <marcxml:subfield code="d">IGA</marcxml:subfield>
    <marcxml:subfield code="d">EHH</marcxml:subfield>
    <marcxml:subfield code="d">OCLCQ</marcxml:subfield>
    <marcxml:subfield code="d">ORK</marcxml:subfield>
    <marcxml:subfield code="d">IFK</marcxml:subfield>
    <marcxml:subfield code="d">OCLCO</marcxml:subfield>
    <marcxml:subfield code="d">SHM</marcxml:subfield>
    <marcxml:subfield code="d">TXKYL</marcxml:subfield>
    <marcxml:subfield code="d">CHILD</marcxml:subfield>
    <marcxml:subfield code="d">IFK</marcxml:subfield>
    <marcxml:subfield code="d">JPL</marcxml:subfield>
    <marcxml:subfield code="d">OCLCQ</marcxml:subfield>
    <marcxml:subfield code="d">OCLCO</marcxml:subfield>
    <marcxml:subfield code="d">DLC</marcxml:subfield>
  </marcxml:datafield>
  <marcxml:datafield tag="041" ind1="1" ind2=" ">
    <marcxml:subfield code="a">eng</marcxml:subfield>
    <marcxml:subfield code="h">jpn</marcxml:subfield>
  </marcxml:datafield>
  <marcxml:datafield tag="042" ind1=" " ind2=" ">
    <marcxml:subfield code="a">lccopycat</marcxml:subfield>
  </marcxml:datafield>
  <marcxml:datafield tag="050" ind1="0" ind2="0">
    <marcxml:subfield code="a">PN6790.J33</marcxml:subfield>
    <marcxml:subfield code="b">M385313 2014</marcxml:subfield>
  </marcxml:datafield>
  <marcxml:datafield tag="082" ind1="0" ind2="4">
    <marcxml:subfield code="a">741.5/952</marcxml:subfield>
    <marcxml:subfield code="2">23</marcxml:subfield>
  </marcxml:datafield>
  <marcxml:datafield tag="086" ind1="0" ind2=" ">
    <marcxml:subfield code="a">2016-08</marcxml:subfield>
  </marcxml:datafield>
  <marcxml:datafield tag="100" ind1="1" ind2=" ">
    <marcxml:subfield code="a">Matsui, Yūsei,</marcxml:subfield>
    <marcxml:subfield code="d">1981-</marcxml:subfield>
    <marcxml:subfield code="e">author,</marcxml:subfield>
    <marcxml:subfield code="e">illustrator.</marcxml:subfield>
  </marcxml:datafield>
  <marcxml:datafield tag="240" ind1="1" ind2="0">
    <marcxml:subfield code="a">Ansatsu kyoshitsu.</marcxml:subfield>
    <marcxml:subfield code="l">English</marcxml:subfield>
  </marcxml:datafield>
  <marcxml:datafield tag="245" ind1="1" ind2="0">
    <marcxml:subfield code="a">Assassination classroom /</marcxml:subfield>
    <marcxml:subfield code="c">story and art by Yusei Matsui ; translation, Tetsuichiro Miyaki ; English adaptation, Bryant Turnage ; touch-up art &amp; lettering, Stephen Dutro.</marcxml:subfield>
  </marcxml:datafield>
  <marcxml:datafield tag="250" ind1=" " ind2=" ">
    <marcxml:subfield code="a">Shonen jump advanced manga edition.</marcxml:subfield>
  </marcxml:datafield>
  <marcxml:datafield tag="264" ind1=" " ind2="1">
    <marcxml:subfield code="a">San Francisco, CA :</marcxml:subfield>
    <marcxml:subfield code="b">Viz Media, LLC,</marcxml:subfield>
    <marcxml:subfield code="c">[2014-2018]</marcxml:subfield>
  </marcxml:datafield>
  <marcxml:datafield tag="300" ind1=" " ind2=" ">
    <marcxml:subfield code="a">21 volumes :</marcxml:subfield>
    <marcxml:subfield code="b">chiefly illustrations ;</marcxml:subfield>
    <marcxml:subfield code="c">20 cm.</marcxml:subfield>
  </marcxml:datafield>
  <marcxml:datafield tag="336" ind1=" " ind2=" ">
    <marcxml:subfield code="a">text</marcxml:subfield>
    <marcxml:subfield code="b">txt</marcxml:subfield>
    <marcxml:subfield code="2">rdacontent</marcxml:subfield>
  </marcxml:datafield>
  <marcxml:datafield tag="336" ind1=" " ind2=" ">
    <marcxml:subfield code="a">still image</marcxml:subfield>
    <marcxml:subfield code="b">sti</marcxml:subfield>
    <marcxml:subfield code="2">rdacontent</marcxml:subfield>
  </marcxml:datafield>
  <marcxml:datafield tag="337" ind1=" " ind2=" ">
    <marcxml:subfield code="a">unmediated</marcxml:subfield>
    <marcxml:subfield code="b">n</marcxml:subfield>
    <marcxml:subfield code="2">rdamedia</marcxml:subfield>
  </marcxml:datafield>
  <marcxml:datafield tag="338" ind1=" " ind2=" ">
    <marcxml:subfield code="a">volume</marcxml:subfield>
    <marcxml:subfield code="b">nc</marcxml:subfield>
    <marcxml:subfield code="2">rdacarrier</marcxml:subfield>
  </marcxml:datafield>
  <marcxml:datafield tag="490" ind1="1" ind2=" ">
    <marcxml:subfield code="a">Shonen Jump advanced</marcxml:subfield>
  </marcxml:datafield>
  <marcxml:datafield tag="546" ind1=" " ind2=" ">
    <marcxml:subfield code="a">Translated from the Japanese.</marcxml:subfield>
  </marcxml:datafield>
  <marcxml:datafield tag="500" ind1=" " ind2=" ">
    <marcxml:subfield code="a">Originally published in Japan in 2012 by Shueisha Inc., Tokyo.</marcxml:subfield>
  </marcxml:datafield>
  <marcxml:datafield tag="500" ind1=" " ind2=" ">
    <marcxml:subfield code="a">Reads from right to left and back to front.</marcxml:subfield>
  </marcxml:datafield>
  <marcxml:datafield tag="521" ind1=" " ind2=" ">
    <marcxml:subfield code="a">Rated T+ for older teens. Contains realistic violence and suggestive situations.</marcxml:subfield>
  </marcxml:datafield>
  <marcxml:datafield tag="586" ind1=" " ind2=" ">
    <marcxml:subfield code="a">Texas Maverick Graphic Novels Reading List, 2016.</marcxml:subfield>
  </marcxml:datafield>
  <marcxml:datafield tag="520" ind1=" " ind2=" ">
    <marcxml:subfield code="a">The students in Class 3-E of Kunugigaoka Junior High have a new teacher: an alien octopus with bizarre powers and unlimited strength, who's just destroyed the moon and is threatening to destroy the earth--unless they can kill him first!</marcxml:subfield>
  </marcxml:datafield>
  <marcxml:datafield tag="505" ind1="0" ind2="0">
    <marcxml:subfield code="g">v. 1.</marcxml:subfield>
    <marcxml:subfield code="t">Time for assassination --</marcxml:subfield>
    <marcxml:subfield code="g">v. 2.</marcxml:subfield>
    <marcxml:subfield code="t">Time for grown-ups --</marcxml:subfield>
    <marcxml:subfield code="g">v. 3.</marcxml:subfield>
    <marcxml:subfield code="t">Time for a transfer student --</marcxml:subfield>
    <marcxml:subfield code="g">v. 4.</marcxml:subfield>
    <marcxml:subfield code="t">Time to face the unbelievable --</marcxml:subfield>
    <marcxml:subfield code="g">v. 5.</marcxml:subfield>
    <marcxml:subfield code="t">Time to show off a hidden talent --</marcxml:subfield>
    <marcxml:subfield code="g">v. 6.</marcxml:subfield>
    <marcxml:subfield code="t">Swim time --</marcxml:subfield>
    <marcxml:subfield code="g">v. 7.</marcxml:subfield>
    <marcxml:subfield code="t">On island time --</marcxml:subfield>
    <marcxml:subfield code="g">v. 8.</marcxml:subfield>
    <marcxml:subfield code="t">Time for an opportunity --</marcxml:subfield>
    <marcxml:subfield code="g">v. 9. A shocking time --</marcxml:subfield>
    <marcxml:subfield code="g">v. 10. Time for robbery --</marcxml:subfield>
    <marcxml:subfield code="g">v. 11.</marcxml:subfield>
    <marcxml:subfield code="t">aaTime for sports day --</marcxml:subfield>
    <marcxml:subfield code="g">v. 12.</marcxml:subfield>
    <marcxml:subfield code="t">Time for the grim reaper --</marcxml:subfield>
    <marcxml:subfield code="g">v. 13.</marcxml:subfield>
    <marcxml:subfield code="t">Time for a little career counseling --</marcxml:subfield>
    <marcxml:subfield code="g">v. 14.</marcxml:subfield>
    <marcxml:subfield code="t">Time for a teacher's exam --</marcxml:subfield>
    <marcxml:subfield code="g">v. 15.</marcxml:subfield>
    <marcxml:subfield code="t">Time for a storm --</marcxml:subfield>
    <marcxml:subfield code="g">v. 16.</marcxml:subfield>
    <marcxml:subfield code="t">Time for the past --</marcxml:subfield>
    <marcxml:subfield code="g">v. 17. Time for a breakup --</marcxml:subfield>
    <marcxml:subfield code="g">v. 18. Time for Valentine's Day --</marcxml:subfield>
    <marcxml:subfield code="g">v. 19.</marcxml:subfield>
    <marcxml:subfield code="t">Time to go to school --</marcxml:subfield>
    <marcxml:subfield code="g">v. 20.</marcxml:subfield>
    <marcxml:subfield code="t">Time to graduate --</marcxml:subfield>
    <marcxml:subfield code="g">v. 21.</marcxml:subfield>
    <marcxml:subfield code="t">Time to say thank you.</marcxml:subfield>
  </marcxml:datafield>
  <marcxml:datafield tag="655" ind1=" " ind2="0">
    <marcxml:subfield code="a">Graphic novels.</marcxml:subfield>
  </marcxml:datafield>
  <marcxml:datafield tag="700" ind1="1" ind2=" ">
    <marcxml:subfield code="a">Miyaki, Tetsuichiro,</marcxml:subfield>
    <marcxml:subfield code="e">translator.</marcxml:subfield>
  </marcxml:datafield>
  <marcxml:datafield tag="700" ind1="1" ind2=" ">
    <marcxml:subfield code="a">Turnage, Bryant,</marcxml:subfield>
    <marcxml:subfield code="e">adapter.</marcxml:subfield>
  </marcxml:datafield>
  <marcxml:datafield tag="700" ind1="1" ind2=" ">
    <marcxml:subfield code="a">Dutro, Steve,</marcxml:subfield>
    <marcxml:subfield code="e">artist,</marcxml:subfield>
    <marcxml:subfield code="e">letterer.</marcxml:subfield>
  </marcxml:datafield>
  <marcxml:datafield tag="830" ind1=" " ind2="0">
    <marcxml:subfield code="a">Shonen Jump advanced.</marcxml:subfield>
  </marcxml:datafield>
</marcxml:record>
